<?xml version="1.0" encoding="UTF-8"?><collection xmlns="http://www.loc.gov/MARC21/slim"><record><leader>00376nam--2200133-i-4500</leader><controlfield tag="001">000031319</controlfield><controlfield tag="002">20161230</controlfield><controlfield tag="005">20161230201038</controlfield><controlfield tag="008">060222s1000------------r-----000-0-eng-d</controlfield><datafield ind1=" " ind2=" " tag="080"><subfield code="a">681.3.01:681.325.65</subfield></datafield><datafield ind1=" " ind2=" " tag="100"><subfield code="a">Mckay, Charles W</subfield></datafield><datafield ind1=" " ind2=" " tag="245"><subfield code="a">Digital circuits a preparation for microprocessors</subfield></datafield><datafield ind1=" " ind2=" " tag="260"><subfield code="a">Englewood Cliffs, Prentice-hall, Inc., 1978. Ix+366p</subfield></datafield><datafield ind1=" " ind2=" " tag="852"><subfield code="a">46577</subfield></datafield></record></collection>